% \bibitem{AgrawalLKS16}
% {\sc A.~Agrawal, D.~Lokshtanov, S.~Kolay, and S.~Saurabh}, {\em A faster {FPT}
%   algorithm and a smaller kernel for block graph vertex deletion}, in
%   Proceedings of the 12th Latin American Theoretical Informatics Symposium
%   (LATIN 2016), Lecture Notes in Computer Science, Springer, to appear.
% \newblock Available as arXiv CoRR abs/1510.08154.

@INCOLLECTION{AgrawalLKS16,
    author = {Agrawal, Akanksha and Kolay, Sudeshna and Lokshtanov, Daniel and Saurabh, Saket},
    title = {A faster {FPT} algorithm and a smaller kernel for block graph vertex deletion},
    booktitle = {L{ATIN} 2016: theoretical informatics},
    series = {Lecture Notes in Comput. Sci.},
    volume = {9644},
    pages = {1--13},
    publisher = {Springer, Berlin},
    year = {2016},
    mrclass = {68R10 (68Q25)},
    mrnumber = {3492514},
    doi = {10.1007/978-3-662-49529-2\_1},
    url = {https://doi.org/10.1007/978-3-662-49529-2_1},
}

% \bibitem{AlonBI86}
% {\sc N.~Alon, L.~Babai, and A.~Itai}, {\em A fast and simple randomized
%   parallel algorithm for the maximal independent set problem}, J. Algorithms, 7
%   (1986), pp.~567--583.

@ARTICLE{AlonBI86,
    author = {Alon, Noga and Babai, L\'{a}szl\'{o} and Itai, Alon},
    title = {A fast and simple randomized parallel algorithm for the maximal independent set problem},
    journal = {J. Algorithms},
    fjournal = {Journal of Algorithms},
    volume = {7},
    year = {1986},
    number = {4},
    pages = {567--583},
    issn = {0196-6774},
    mrclass = {68Q20 (05C35 68R10)},
    mrnumber = {0866792},
    doi = {10.1016/0196-6774(86)90019-2},
    url = {https://doi.org/10.1016/0196-6774(86)90019-2},
}

% \bibitem{BasteFKS15}
% {\sc J.~Baste, L.~Faria, S.~Klein, and I.~Sau}, {\em Parameterized complexity
%   dichotomy for $(r, \ell)$-vertex deletion}, Tech. Report abs/1504.05515,
%   arXiv CoRR, 2015.

@ARTICLE{BasteFKS15,
    author = {Baste, Julien and Faria, Luerbio and Klein, Sulamita and Sau, Ignasi},
    title = {Parameterized complexity dichotomy for {$(r,\ell)$}-vertex deletion},
    journal = {Theory Comput. Syst.},
    fjournal = {Theory of Computing Systems},
    volume = {61},
    year = {2017},
    number = {3},
    pages = {777--794},
    issn = {1432-4350},
    mrclass = {68R10 (68Q17 68Q25)},
    mrnumber = {3686832},
    doi = {10.1007/s00224-016-9716-y},
    url = {https://doi.org/10.1007/s00224-016-9716-y},
}

% \bibitem{BliznetsFPV13}
% {\sc I.~Bliznets, F.~V. Fomin, M.~Pilipczuk, and Y.~Villanger}, {\em Largest
%   chordal and interval subgraphs faster than $2^n$}, in Proceedings of the 21st
%   Annual European Symposium on Algorithms (ESA), vol.~8125 of Lecture Notes in
%   Comput. Sci., Springer, 2013, pp.~193--204.

@INCOLLECTION{BliznetsFPV13,
    author = {Bliznets, Ivan and Fomin, Fedor V. and Pilipczuk, Micha\l and Villanger, Yngve},
    title = {Largest chordal and interval subgraphs faster than {$2^n$}},
    booktitle = {Algorithms---{ESA} 2013},
    series = {Lecture Notes in Comput. Sci.},
    volume = {8125},
    pages = {193--204},
    publisher = {Springer, Heidelberg},
    year = {2013},
    mrclass = {68Q25 (05C90)},
    mrnumber = {3132616},
    doi = {10.1007/978-3-642-40450-4\_17},
    url = {https://doi.org/10.1007/978-3-642-40450-4_17},
}

% \bibitem{BoralCKP14}
% {\sc A.~Boral, M.~Cygan, T.~Kociumaka, and M.~Pilipczuk}, {\em A fast branching
%   algorithm for cluster vertex deletion}, in Proceedings of the 9th
%   International Computer Science Symposium in Russia (CSR), vol.~8476 of
%   Lecture Notes in Computer Science, Springer, 2014, pp.~111--124.

@INCOLLECTION{BoralCKP14,
    author = {Boral, Anudhyan and Cygan, Marek and Kociumaka, Tomasz and Pilipczuk, Marcin},
    title = {A fast branching algorithm for cluster vertex deletion},
    booktitle = {Computer science---theory and applications},
    series = {Lecture Notes in Comput. Sci.},
    volume = {8476},
    pages = {111--124},
    publisher = {Springer, Cham},
    year = {2014},
    mrclass = {05C85 (05C69)},
    mrnumber = {3218543},
    doi = {10.1007/978-3-319-06686-8\_9},
    url = {https://doi.org/10.1007/978-3-319-06686-8_9},
}

% \bibitem{BrandstadtLS99}
% {\sc A.~Brandst{\"a}dt, V.~B. Le, and J.~P. Spinrad}, {\em Graph Classes: A
%   Survey}, Discrete Mathematics and Applications, SIAM, 1999.

% \bibitem{Cao15}
% {\sc Y.~Cao}, {\em Unit interval editing is fixed-parameter tractable}, in
%   Proceedings of the 42nd International Colloquium of Automata, Languages and
%   Programming (ICALP), vol.~9134 of Lecture Notes in Comput. Sci., Springer,
%   2015, pp.~306--317.

@INCOLLECTION{Cao15,
    author = {Cao, Yixin},
    title = {Unit interval editing is fixed-parameter tractable},
    booktitle = {Automata, languages, and programming. {P}art {I}},
    series = {Lecture Notes in Comput. Sci.},
    volume = {9134},
    pages = {306--317},
    publisher = {Springer, Heidelberg},
    year = {2015},
    mrclass = {68Q17},
    mrnumber = {3382447},
    doi = {10.1007/978-3-662-47672-7\_25},
    url = {https://doi.org/10.1007/978-3-662-47672-7_25},
}

% \bibitem{Cao8kinterval}
% {\sc Y.~Cao}, {\em Linear recognition of almost interval graphs}, in
%   Proceedings of the 27th Annual ACM-SIAM Symposium on Discrete Algorithms
%   (SODA 2016), to appear.
% \newblock Available as arXiv CoRR abs/1403.1515.

@INPROCEEDINGS{Cao8kinterval,
    author = {Cao, Yixin},
    title = {Linear recognition of almost interval graphs},
    booktitle = {Proceedings of the {T}wenty-{S}eventh {A}nnual {ACM}-{SIAM} {S}ymposium on {D}iscrete {A}lgorithms},
    pages = {1096--1115},
    publisher = {ACM, New York},
    year = {2016},
    mrclass = {68R10 (68Q25)},
    mrnumber = {3478453},
    doi = {10.1137/1.9781611974331.ch77},
    url = {https://doi.org/10.1137/1.9781611974331.ch77},
}

% \bibitem{CaoCL15}
% {\sc Y.~Cao, J.~Chen, and Y.~Liu}, {\em On feedback vertex set: New measure and
%   new structures}, Algorithmica, 73 (2015), pp.~63--86.

@ARTICLE{CaoCL15,
    author = {Cao, Yixin and Chen, Jianer and Liu, Yang},
    title = {On feedback vertex set: new measure and new structures},
    journal = {Algorithmica},
    fjournal = {Algorithmica. An International Journal in Computer Science},
    volume = {73},
    year = {2015},
    number = {1},
    pages = {63--86},
    issn = {0178-4617},
    mrclass = {05C85 (68R10 68W40)},
    mrnumber = {3361780},
    mrreviewer = {Lenwood S. Heath},
    doi = {10.1007/s00453-014-9904-6},
    url = {https://doi.org/10.1007/s00453-014-9904-6},
}

% \bibitem{ChenFLLV08}
% {\sc J.~Chen, F.~V. Fomin, Y.~Liu, S.~Lu, and Y.~Villanger}, {\em Improved
%   algorithms for feedback vertex set problems}, J. Computer and System
%   Sciences, 74 (2008), pp.~1188--1198.

@ARTICLE{ChenFLLV08,
    author = {Chen, Jianer and Fomin, Fedor V. and Liu, Yang and Lu, Songjian and Villanger, Yngve},
    title = {Improved algorithms for feedback vertex set problems},
    journal = {J. Comput. System Sci.},
    fjournal = {Journal of Computer and System Sciences},
    volume = {74},
    year = {2008},
    number = {7},
    pages = {1188--1198},
    issn = {0022-0000},
    mrclass = {05C85},
    mrnumber = {2454063},
    doi = {10.1016/j.jcss.2008.05.002},
    url = {https://doi.org/10.1016/j.jcss.2008.05.002},
}

% \bibitem{CochefertCGK16}
% {\sc M.~Cochefert, J.-F. Couturier, S.~Gaspers, and D.~Kratsch}, {\em Faster
%   algorithms to enumerate hypergraph transversals}, in Proceedings of the 12th
%   Latin American Theoretical Informatics Symposium (LATIN 2016), Lecture Notes
%   in Computer Science, Springer, to appear.
% \newblock Available as arXiv CoRR abs/1510.05093.

@INCOLLECTION{CochefertCGK16,
    author = {Cochefert, Manfred and Couturier, Jean-Fran\c{c}ois and Gaspers, Serge and Kratsch, Dieter},
    title = {Faster algorithms to enumerate hypergraph transversals},
    booktitle = {L{ATIN} 2016: theoretical informatics},
    series = {Lecture Notes in Comput. Sci.},
    volume = {9644},
    pages = {306--318},
    publisher = {Springer, Berlin},
    year = {2016},
    mrclass = {68R10 (68Q25)},
    mrnumber = {3492536},
    doi = {10.1007/978-3-662-49529-2\_23},
    url = {https://doi.org/10.1007/978-3-662-49529-2_23},
}

% \bibitem{cygan2015parameterized}
% {\sc M.~Cygan, F.~V. Fomin, L.~Kowalik, D.~Lokshtanov, D.~Marx, M.~Pilipczuk,
%   M.~Pilipczuk, and S.~Saurabh}, {\em Parameterized Algorithms}, Springer,
%   2015.

@BOOK{cygan2015parameterized,
    author = {Cygan, Marek and Fomin, Fedor V. and Kowalik, \L ukasz and Lokshtanov, Daniel and Marx, D\'{a}niel and Pilipczuk, Marcin and Pilipczuk, Micha\l and Saurabh, Saket},
    title = {Parameterized algorithms},
    publisher = {Springer, Cham},
    year = {2015},
    pages = {xviii+613},
    isbn = {978-3-319-21274-6; 978-3-319-21275-3},
    mrclass = {68-01 (05-01 05C85 68Q17 68Q25 68R10 68Wxx)},
    mrnumber = {3380745},
    mrreviewer = {Henning Fernau},
    doi = {10.1007/978-3-319-21275-3},
    url = {https://doi.org/10.1007/978-3-319-21275-3},
}

% \bibitem{cut-and-count}
% {\sc M.~Cygan, J.~Nederlof, M.~Pilipczuk, M.~Pilipczuk, J.~M.~M. van Rooij, and
%   J.~O. Wojtaszczyk}, {\em Solving connectivity problems parameterized by
%   treewidth in single exponential time}, in Proceedings of the 52nd Annual
%   Symposium on Foundations of Computer Science (FOCS), IEEE, 2011,
%   pp.~150--159.

@INCOLLECTION{cut-and-count,
    author = {Cygan, Marek and Nederlof, Jesper and Pilipczuk, Marcin and Pilipczuk, Micha\l and van Rooij, Johan M. M. and Wojtaszczyk, Jakub Onufry},
    title = {Solving connectivity problems parameterized by treewidth in single exponential time (extended abstract)},
    booktitle = {2011 {IEEE} 52nd {A}nnual {S}ymposium on {F}oundations of {C}omputer {S}cience---{FOCS} 2011},
    pages = {150--159},
    publisher = {IEEE Computer Soc., Los Alamitos, CA},
    year = {2011},
    mrclass = {68R10 (05C85 68Q25 68W20)},
    mrnumber = {2932690},
    doi = {10.1109/FOCS.2011.23},
    url = {https://doi.org/10.1109/FOCS.2011.23},
}

% \bibitem{Dantsin02deterministic}
% {\sc E.~Dantsin, A.~Goerdt, E.~A. Hirsch, R.~Kannan, J.~Kleinberg,
%   C.~Papadimitriou, P.~Raghavan, and U.~Sch{\"o}ning}, {\em A deterministic
%   {$(2-2/(k+1))\sp n$} algorithm for {$k$}-{SAT} based on local search},
%   Theoretical Computer Science, 289 (2002), pp.~69--83.

@ARTICLE{Dantsin02deterministic,
    author = {Dantsin, Evgeny and Goerdt, Andreas and Hirsch, Edward A. and Kannan, Ravi and Kleinberg, Jon and Papadimitriou, Christos and Raghavan, Prabhakar and Sch\"{o}ning, Uwe},
    title = {A deterministic {$(2-2/(k+1))^n$} algorithm for {$k$}-{SAT} based on local search},
    journal = {Theoret. Comput. Sci.},
    fjournal = {Theoretical Computer Science},
    volume = {289},
    year = {2002},
    number = {1},
    pages = {69--83},
    issn = {0304-3975},
    mrclass = {68Q25},
    mrnumber = {1932890},
    doi = {10.1016/S0304-3975(01)00174-8},
    url = {https://doi.org/10.1016/S0304-3975(01)00174-8},
}

% \bibitem{DehneFLRS07}
% {\sc F.~K. H.~A. Dehne, M.~R. Fellows, M.~A. Langston, F.~A. Rosamond, and
%   K.~Stevens}, {\em An {$O(2^{O(k)}n^{3})$} {FPT} algorithm for the undirected
%   feedback vertex set problem}, Theory of Computing Systems, 41 (2007),
%   pp.~479--492.

@ARTICLE{DehneFLRS07,
    author = {Dehne, Frank and Fellows, Michael and Langston, Michael and Rosamond, Frances and Stevens, Kim},
    title = {An {$O(2^{O(k)}n^3)$} {FPT} algorithm for the undirected feedback vertex set problem},
    journal = {Theory Comput. Syst.},
    fjournal = {Theory of Computing Systems},
    volume = {41},
    year = {2007},
    number = {3},
    pages = {479--492},
    issn = {1432-4350},
    mrclass = {68Q25 (05C85 68R10)},
    mrnumber = {2352543},
    mrreviewer = {Henning Fernau},
    doi = {10.1007/s00224-007-1345-z},
    url = {https://doi.org/10.1007/s00224-007-1345-z},
}

% \bibitem{FellowsFLRSV12}
% {\sc M.~R. Fellows, F.~V. Fomin, D.~Lokshtanov, F.~A. Rosamond, S.~Saurabh, and
%   Y.~Villanger}, {\em Local search: Is brute-force avoidable?}, J. Comput.
%   Syst. Sci., 78 (2012), pp.~707--719.

@ARTICLE{FellowsFLRSV12,
    author = {Fellows, Michael R. and Fomin, Fedor V. and Lokshtanov, Daniel and Rosamond, Frances and Saurabh, Saket and Villanger, Yngve},
    title = {Local search: is brute-force avoidable?},
    journal = {J. Comput. System Sci.},
    fjournal = {Journal of Computer and System Sciences},
    volume = {78},
    year = {2012},
    number = {3},
    pages = {707--719},
    issn = {0022-0000},
    mrclass = {68Q25 (05C70 05C85 68Q10 68R10)},
    mrnumber = {2900030},
    doi = {10.1016/j.jcss.2011.10.003},
    url = {https://doi.org/10.1016/j.jcss.2011.10.003},
}

% \bibitem{FominGKLS10}
% {\sc F.~V. Fomin, S.~Gaspers, D.~Kratsch, M.~Liedloff, and S.~Saurabh}, {\em
%   Iterative compression and exact algorithms}, Theor. Comput. Sci., 411 (2010),
%   pp.~1045--1053.

@ARTICLE{FominGKLS10,
    author = {Fomin, Fedor V. and Gaspers, Serge and Kratsch, Dieter and Liedloff, Mathieu and Saurabh, Saket},
    title = {Iterative compression and exact algorithms},
    journal = {Theoret. Comput. Sci.},
    fjournal = {Theoretical Computer Science},
    volume = {411},
    year = {2010},
    number = {7-9},
    pages = {1045--1053},
    issn = {0304-3975},
    mrclass = {68Q17 (68Q25)},
    mrnumber = {2606042},
    doi = {10.1016/j.tcs.2009.11.012},
    url = {https://doi.org/10.1016/j.tcs.2009.11.012},
}

% \bibitem{FominGPR08-On}
% {\sc F.~V. Fomin, S.~Gaspers, A.~V. Pyatkin, and I.~Razgon}, {\em On the
%   minimum feedback vertex set problem: Exact and enumeration algorithms},
%   Algorithmica, 52 (2008), pp.~293--307.

@ARTICLE{FominGPR08-On,
    author = {Fomin, Fedor V. and Gaspers, Serge and Pyatkin, Artem V. and Razgon, Igor},
    title = {On the minimum feedback vertex set problem: exact and enumeration algorithms},
    journal = {Algorithmica},
    fjournal = {Algorithmica. An International Journal in Computer Science},
    volume = {52},
    year = {2008},
    number = {2},
    pages = {293--307},
    issn = {0178-4617},
    mrclass = {68W40 (05A15 05C85 68R10)},
    mrnumber = {2434969},
    doi = {10.1007/s00453-007-9152-0},
    url = {https://doi.org/10.1007/s00453-007-9152-0},
}

% \bibitem{FominHKPV14}
% {\sc F.~V. Fomin, P.~Heggernes, D.~Kratsch, C.~Papadopoulos, and Y.~Villanger},
%   {\em Enumerating minimal subset feedback vertex sets}, Algorithmica, 69
%   (2014), pp.~216--231.

@ARTICLE{FominHKPV14,
    author = {Fomin, Fedor V. and Heggernes, Pinar and Kratsch, Dieter and Papadopoulos, Charis and Villanger, Yngve},
    title = {Enumerating minimal subset feedback vertex sets},
    journal = {Algorithmica},
    fjournal = {Algorithmica. An International Journal in Computer Science},
    volume = {69},
    year = {2014},
    number = {1},
    pages = {216--231},
    issn = {0178-4617},
    mrclass = {05C85 (05C22 68W40)},
    mrnumber = {3172286},
    mrreviewer = {Andr\'{a}s S\'{a}ndor Pluh\'{a}r},
    doi = {10.1007/s00453-012-9731-6},
    url = {https://doi.org/10.1007/s00453-012-9731-6},
}

% \bibitem{Fomin:2010mo}
% {\sc F.~V. Fomin and D.~Kratsch}, {\em Exact Exponential Algorithms}, Springer,
%   2010.
% \newblock An EATCS Series: Texts in Theoretical Computer Science.

@BOOK{Fomin:2010mo,
    author = {Fomin, Fedor V. and Kratsch, Dieter},
    title = {Exact exponential algorithms},
    series = {Texts in Theoretical Computer Science. An EATCS Series},
    publisher = {Springer, Heidelberg},
    year = {2010},
    pages = {xiv+203},
    isbn = {978-3-642-16532-0; 978-3-642-16533-7},
    mrclass = {68-02 (05C85 68Q17 68Q25 68W40)},
    mrnumber = {3234973},
    mrreviewer = {Henning Fernau},
    doi = {10.1007/978-3-642-16533-7},
    url = {https://doi.org/10.1007/978-3-642-16533-7},
}

% \bibitem{FominTV15}
% {\sc F.~V. Fomin, I.~Todinca, and Y.~Villanger}, {\em Large induced subgraphs
%   via triangulations and {CMSO}}, {SIAM} J. Comput., 44 (2015), pp.~54--87.

@ARTICLE{FominTV15,
    author = {Fomin, Fedor V. and Todinca, Ioan and Villanger, Yngve},
    title = {Large induced subgraphs via triangulations and {CMSO}},
    journal = {SIAM J. Comput.},
    fjournal = {SIAM Journal on Computing},
    volume = {44},
    year = {2015},
    number = {1},
    pages = {54--87},
    issn = {0097-5397},
    mrclass = {68R10 (05C85 68Q17)},
    mrnumber = {3311877},
    doi = {10.1137/140964801},
    url = {https://doi.org/10.1137/140964801},
}

% \bibitem{GaspersKOSS12}
% {\sc S.~Gaspers, E.~J. Kim, S.~Ordyniak, S.~Saurabh, and S.~Szeider}, {\em
%   Don't be strict in local search!}, in Proceedings of the Twenty-Sixth {AAAI}
%   Conference on Artificial Intelligence (AAAI), {AAAI} Press, 2012.

% \bibitem{GaspersM13}
% {\sc S.~Gaspers and M.~Mnich}, {\em Feedback vertex sets in tournaments},
%   Journal of Graph Theory, 72 (2013), pp.~72--89.

@ARTICLE{GaspersM13,
    author = {Gaspers, Serge and Mnich, Matthias},
    title = {Feedback vertex sets in tournaments},
    journal = {J. Graph Theory},
    fjournal = {Journal of Graph Theory},
    volume = {72},
    year = {2013},
    number = {1},
    pages = {72--89},
    issn = {0364-9024},
    mrclass = {05C20 (05C35 05C85 68Q25 68R10)},
    mrnumber = {2993076},
    mrreviewer = {Vladim\'{\i}r Lacko},
    doi = {10.1002/jgt.21631},
    url = {https://doi.org/10.1002/jgt.21631},
}

% \bibitem{GolovachHP12}
% {\sc P.~A. Golovach, P.~van~'t Hof, and D.~Paulusma}, {\em Obtaining planarity
%   by contracting few edges}, Theoretical Computer Science, 476 (2013),
%   pp.~38--46.

@ARTICLE{GolovachHP12,
    author = {Golovach, Petr A. and van 't Hof, Pim and Paulusma, Dani\"{e}l},
    title = {Obtaining planarity by contracting few edges},
    journal = {Theoret. Comput. Sci.},
    fjournal = {Theoretical Computer Science},
    volume = {476},
    year = {2013},
    pages = {38--46},
    issn = {0304-3975},
    mrclass = {05C10 (05C85 68Q25)},
    mrnumber = {3021527},
    doi = {10.1016/j.tcs.2012.12.041},
    url = {https://doi.org/10.1016/j.tcs.2012.12.041},
}

% \bibitem{GuoGHNW06}
% {\sc J.~Guo, J.~Gramm, F.~H{\"u}ffner, R.~Niedermeier, and S.~Wernicke}, {\em
%   Compression-based fixed-parameter algorithms for feedback vertex set and edge
%   bipartization}, J. Computer and System Sciences, 72 (2006), pp.~1386--1396.

@ARTICLE{GuoGHNW06,
    author = {Guo, Jiong and Gramm, Jens and H\"{u}ffner, Falk and Niedermeier, Rolf and Wernicke, Sebastian},
    title = {Compression-based fixed-parameter algorithms for feedback vertex set and edge bipartization},
    journal = {J. Comput. System Sci.},
    fjournal = {Journal of Computer and System Sciences},
    volume = {72},
    year = {2006},
    number = {8},
    pages = {1386--1396},
    issn = {0022-0000},
    mrclass = {68Q25 (05C85 68R10)},
    mrnumber = {2273414},
    mrreviewer = {Dimitrios M. Thilikos},
    doi = {10.1016/j.jcss.2006.02.001},
    url = {https://doi.org/10.1016/j.jcss.2006.02.001},
}

% \bibitem{KanjLLTXXYZZZ14}
% {\sc I.~A. Kanj, G.~Lin, T.~Liu, W.~Tong, G.~Xia, J.~Xu, B.~Yang, F.~Zhang,
%   P.~Zhang, and B.~Zhu}, {\em Algorithms for cut problems on trees}, in
%   Proceedings of the 8th International Conference on Combinatorial Optimization
%   and Applications (COCOA), vol.~8881 of Lecture Notes in Computer Science,
%   Springer, 2014, pp.~283--298.

@INCOLLECTION{KanjLLTXXYZZZ14,
    author = {Kanj, Iyad and Lin, Guohui and Liu, Tian and Tong, Weitian and Xia, Ge and Xu, Jinhui and Yang, Boting and Zhang, Fenghui and Zhang, Peng and Zhu, Binhai},
    title = {Algorithms for cut problems on trees},
    booktitle = {Combinatorial optimization and applications},
    series = {Lecture Notes in Comput. Sci.},
    volume = {8881},
    pages = {283--298},
    publisher = {Springer, Cham},
    year = {2014},
    mrclass = {05C85 (68Q25)},
    mrnumber = {3297377},
    doi = {10.1007/978-3-319-12691-3\_22},
    url = {https://doi.org/10.1007/978-3-319-12691-3_22},
}

% \bibitem{Kante0KP15}
% {\sc M.~M. Kant{\'{e}}, E.~J. Kim, O.~Kwon, and C.~Paul}, {\em An {FPT}
%   algorithm and a polynomial kernel for linear rankwidth-1 vertex deletion}, in
%   Proceedings of the 10th International Symposium on Parameterized and Exact
%   Computation ({IPEC} 2015), vol.~43 of LIPIcs, Schloss Dagstuhl -
%   Leibniz-Zentrum fuer Informatik, 2015, pp.~138--150.

@INCOLLECTION{Kante0KP15,
    author = {Kant\'{e}, Mamadou Moustapha and Kim, Eun Jung and Kwon, O-joung and Paul, Christophe},
    title = {An {FPT} algorithm and a polynomial kernel for linear rankwidth-1 vertex deletion},
    booktitle = {10th {I}nternational {S}ymposium on {P}arameterized and {E}xact {C}omputation},
    series = {LIPIcs. Leibniz Int. Proc. Inform.},
    volume = {43},
    pages = {138--150},
    publisher = {Schloss Dagstuhl. Leibniz-Zent. Inform., Wadern},
    year = {2015},
    mrclass = {68R10 (68Q25)},
    mrnumber = {3452416},
    mrreviewer = {Henning Fernau},
}

% \bibitem{KociumakaP13}
% {\sc T.~Kociumaka and M.~Pilipczuk}, {\em Faster deterministic feedback vertex
%   set}, Inf. Process. Lett., 114 (2014), pp.~556--560.

@ARTICLE{KociumakaP13,
    author = {Kociumaka, Tomasz and Pilipczuk, Marcin},
    title = {Faster deterministic {F}eedback {V}ertex {S}et},
    journal = {Inform. Process. Lett.},
    fjournal = {Information Processing Letters},
    volume = {114},
    year = {2014},
    number = {10},
    pages = {556--560},
    issn = {0020-0190},
    mrclass = {05C85},
    mrnumber = {3219241},
    doi = {10.1016/j.ipl.2014.05.001},
    url = {https://doi.org/10.1016/j.ipl.2014.05.001},
}

% \bibitem{KolayP15}
% {\sc S.~Kolay and F.~Panolan}, {\em Parameterized algorithms for deletion to
%   $(r, \ell)$-graphs}, in Proceedings of FSTTCS 2015, to appear.
% \newblock Available as arXiv CoRR abs/1504.08120.

% \bibitem{KumarL16}
% {\sc M.~Kumar and D.~Lokshtanov}, {\em Faster exact and parameterized algorithm
%   for feedback vertex set in tournaments}, in Proceedings of the 33rd
%   International Symposium on Theoretical Aspects of Computer Science (STACS
%   2016), to appear.
% \newblock Available as arXiv CoRR abs/1510.07676.

@INCOLLECTION{KumarL16,
    author = {Kumar, Mithilesh and Lokshtanov, Daniel},
    title = {Faster exact and parameterized algorithm for feedback vertex set in tournaments},
    booktitle = {33rd {S}ymposium on {T}heoretical {A}spects of {C}omputer {S}cience},
    series = {LIPIcs. Leibniz Int. Proc. Inform.},
    volume = {47},
    pages = {Art. No. 49, 13},
    publisher = {Schloss Dagstuhl. Leibniz-Zent. Inform., Wadern},
    year = {2016},
    mrclass = {68R10 (68Q25)},
    mrnumber = {3539146},
}

% \bibitem{abs-1007-1166}
% {\sc K.~Kutzkov and D.~Scheder}, {\em Using {CSP} to improve deterministic
%   {3-SAT}}, CoRR, abs/1007.1166 (2010).

% \bibitem{MarxS11}
% {\sc D.~Marx and I.~Schlotter}, {\em Stable assignment with couples:
%   Parameterized complexity and local search}, Discrete Optimization, 8 (2011),
%   pp.~25--40.

@ARTICLE{MarxS11,
    author = {Marx, D\'{a}niel and Schlotter, Ildik\'{o}},
    title = {Stable assignment with couples: parameterized complexity and local search},
    journal = {Discrete Optim.},
    fjournal = {Discrete Optimization},
    volume = {8},
    year = {2011},
    number = {1},
    pages = {25--40},
    issn = {1572-5286},
    mrclass = {91B68 (90B35 90C60)},
    mrnumber = {2772558},
    doi = {10.1016/j.disopt.2010.07.004},
    url = {https://doi.org/10.1016/j.disopt.2010.07.004},
}

% \bibitem{Moon:1971xz}
% {\sc J.~W. Moon}, {\em On maximal transitive subtournaments}, Proc. Edinburgh
%   Math. Soc. (2), 17 (1971), pp.~345--349.

@ARTICLE{Moon:1971xz,
    author = {Moon, J. W.},
    title = {On maximal transitive subtournaments},
    journal = {Proc. Edinburgh Math. Soc. (2)},
    fjournal = {Proceedings of the Edinburgh Mathematical Society. Series II},
    volume = {17},
    year = {1970/71},
    pages = {345--349},
    issn = {0013-0915},
    mrclass = {05C20},
    mrnumber = {0304229},
    mrreviewer = {T. L. Saaty},
    doi = {10.1017/S0013091500009639},
    url = {https://doi.org/10.1017/S0013091500009639},
}

% \bibitem{MoserS11}
% {\sc R.~A. Moser and D.~Scheder}, {\em A full derandomization of
%   {S}ch{\"{o}}ning's {$k$-SAT} algorithm}, in Proceedings of the 43rd Annual
%   ACM Symposium on Theory of Computing (STOC), {ACM}, 2011, pp.~245--252.

@INPROCEEDINGS{MoserS11,
    author = {Moser, Robin A. and Scheder, Dominik},
    title = {A full derandomization of {S}ch\"{o}ning's k-{SAT} algorithm},
    booktitle = {S{TOC}'11---{P}roceedings of the 43rd {ACM} {S}ymposium on {T}heory of {C}omputing},
    pages = {245--251},
    publisher = {ACM, New York},
    year = {2011},
    mrclass = {68Q25 (68T20)},
    mrnumber = {2931974},
    doi = {10.1145/1993636.1993670},
    url = {https://doi.org/10.1145/1993636.1993670},
}

% \bibitem{NaorSS95}
% {\sc M.~Naor, L.~J. Schulman, and A.~Srinivasan}, {\em Splitters and
%   near-optimal derandomization}, in Proceedings of the 36th Annual Symposium on
%   Foundations of Computer Science (FOCS), IEEE, 1995, pp.~182--191.

% \bibitem{Razgon06}
% {\sc I.~Razgon}, {\em Exact computation of maximum induced forest}, in
%   Proceedings of the 10th Scandinavian Workshop on Algorithm Theory (SWAT
%   2006), vol.~4059 of Lecture Notes in Comput. Sci., Berlin, 2006, Springer,
%   pp.~160--171.

@INCOLLECTION{Razgon06,
    author = {Razgon, Igor},
    title = {Exact computation of maximum induced forest},
    booktitle = {Algorithm theory---{SWAT} 2006},
    series = {Lecture Notes in Comput. Sci.},
    volume = {4059},
    pages = {160--171},
    publisher = {Springer, Berlin},
    year = {2006},
    mrclass = {05C85 (68Q25)},
    mrnumber = {2283298},
    doi = {10.1007/11785293\_17},
    url = {https://doi.org/10.1007/11785293_17},
}

% \bibitem{Razgon07}
% \leavevmode\vrule height 2pt depth -1.6pt width 23pt, {\em Computing minimum
%   directed feedback vertex set in o(1.9977\({}^{\mbox{n}}\))}, in Proceedings
%   of the 10th Italian Conference on Theoretical Computer Science (ICTCS), 2007,
%   pp.~70--81.

% \bibitem{Schoening99-A}
% {\sc U.~Sch{\"o}ning}, {\em A probabilistic algorithm for {$k$}-{SAT} and
%   constraint satisfaction problems}, in 40th Annual Symposium on Foundations of
%   Computer Science (New York, 1999), IEEE Computer Soc., Los Alamitos, CA,
%   1999, pp.~410--414.

% \bibitem{ShachnaiZ15}
% {\sc H.~Shachnai and M.~Zehavi}, {\em A multivariate approach for weighted
%   {FPT} algorithms}, in Proceedigs of the 23rd Annual European Symposium on
%   Algorithms ({ESA}), vol.~9294 of Lecture Notes in Computer Science, Springer,
%   2015, pp.~965--976.

@INCOLLECTION{ShachnaiZ15,
    author = {Shachnai, Hadas and Zehavi, Meirav},
    title = {A multivariate approach for weighted {FPT} algorithms},
    booktitle = {Algorithms---{ESA} 2015},
    series = {Lecture Notes in Comput. Sci.},
    volume = {9294},
    pages = {965--976},
    publisher = {Springer, Heidelberg},
    year = {2015},
    mrclass = {68W40 (68Q25)},
    mrnumber = {3446438},
    doi = {10.1007/978-3-662-48350-3\_80},
    url = {https://doi.org/10.1007/978-3-662-48350-3_80},
}

% \bibitem{HofV13}
% {\sc P.~van~'t Hof and Y.~Villanger}, {\em Proper interval vertex deletion},
%   Algorithmica, 65 (2013), pp.~845--867.

@ARTICLE{HofV13,
    author = {van 't Hof, Pim and Villanger, Yngve},
    title = {Proper interval vertex deletion},
    journal = {Algorithmica},
    fjournal = {Algorithmica. An International Journal in Computer Science},
    volume = {65},
    year = {2013},
    number = {4},
    pages = {845--867},
    issn = {0178-4617},
    mrclass = {05C62 (05C85 68Q25)},
    mrnumber = {3018154},
    mrreviewer = {T. R. S. Walsh},
    doi = {10.1007/s00453-012-9661-3},
    url = {https://doi.org/10.1007/s00453-012-9661-3},
}

% \bibitem{MagnusPhD07}
% {\sc M.~Wahlstr{\"o}m}, {\em Algorithms, measures and upper bounds for
%   satisfiability and related problems}, PhD thesis, Link\"oping University,
%   Sweden, 2007.

% \bibitem{Wahlstrom14}
% \leavevmode\vrule height 2pt depth -1.6pt width 23pt, {\em Half-integrality,
%   {LP}-branching and {FPT} algorithms}, in Proceedings of the 24th Annual
%   ACM-SIAM Symposium on Discrete Algorithms (SODA), SIAM, 2014, pp.~1762--1781.

% \bibitem{XiaoN13}
% {\sc M.~Xiao and H.~Nagamochi}, {\em Exact algorithms for maximum independent
%   set}, in Proceedings of the 24th International Symposium on Algorithms and
%   Computation (ISAAC), vol.~8283 of Lecture Notes in Computer Science,
%   Springer, 2013, pp.~328--338.
% \newblock See also arXiv CoRR abs/1312.6260.

@INCOLLECTION{XiaoN13,
    author = {Xiao, Mingyu and Nagamochi, Hiroshi},
    title = {Exact algorithms for maximum independent set},
    booktitle = {Algorithms and computation},
    series = {Lecture Notes in Comput. Sci.},
    volume = {8283},
    pages = {328--338},
    publisher = {Springer, Heidelberg},
    year = {2013},
    mrclass = {05C85 (05C69 68W05)},
    mrnumber = {3161012},
    doi = {10.1007/978-3-642-45030-3\_31},
    url = {https://doi.org/10.1007/978-3-642-45030-3_31},
}

% \bibitem{YatoS03}
% {\sc T.~Yato and T.~Seta}, {\em Complexity and completeness of finding another
%   solution and its application to puzzles}, IEICE Transactions on Fundamentals
%   of Electronics, Communications and Computer Sciences, E86-A (2003),
%   pp.~1052--1060.

