@article{einstein,
    author = "Albert Einstein",
    title = "{Zur Elektrodynamik bewegter K{\"o}rper}. ({German})
    [{On} the electrodynamics of moving bodies]",
    journal = "Annalen der Physik",
    volume = "322",
    number = "10",
    pages = "891--921",
    year = "1905",
    DOI = "http://dx.doi.org/10.1002/andp.19053221004",
    keywords = "physics"
}

@article{CGS02,
author = "Claude Cr√©peau, Daniel Gottesman and Adam Smith",
    title = "Secure Multi-party Quantum Computation",
    year="2002",
    DOI = "arXiv:quant-ph/0206138"
} 

@article{kitaev,
    author ="A. Yu. Kitaev",
    year = "1995",
    link = "arXiv:quant-ph/9511026"
}

@article{Bookatz,
    author ="Adam D. Bookatz",
    year = "2012",
    link = "arXiv:quant-ph/12126312"
}

@article{SecBenor,
author="Michael Ben Or",
year ="2008",
DOI = "arxiv:quant-ph/08011544"

}

@article{algo,
autor="Michael Jarret, Stacey Jeffery, Shelby Kimmel, Alvaro Piedrafita",
year= "2018",
name ="Quantum Algorithms for Connectivity and Related Problems",
arXiv="arXiv:1804.10591"
}

@inproceedings{DBLP:conf/podc/AbrahamDS20,
  author    = {Ittai Abraham and
               Danny Dolev and
               Gilad Stern},
  editor    = {Yuval Emek and
               Christian Cachin},
  title     = {Revisiting Asynchronous Fault Tolerant Computation with Optimal Resilience},
  booktitle = {{PODC} '20: {ACM} Symposium on Principles of Distributed Computing,
               Virtual Event, Italy, August 3-7, 2020},
  pages     = {139--148},
  publisher = {{ACM}},
  year      = {2020},
  url       = {https://doi.org/10.1145/3382734.3405722},
  doi       = {10.1145/3382734.3405722},
  timestamp = {Tue, 04 Aug 2020 16:14:27 +0200},
  biburl    = {https://dblp.org/rec/conf/podc/AbrahamDS20.bib},
  bibsource = {dblp computer science bibliography, https://dblp.org}
}