@incollection{eczoo_mds,
title={Maximum distance separable (MDS) code},
booktitle={The Error Correction Zoo},
year={2022},
editor={Albert, Victor V. and Faist, Philippe},
url={https://errorcorrectionzoo.org/c/mds}
}

@ARTICLE{Tanner,
  author={Tanner, R.},
  journal={IEEE Transactions on Information Theory},
  title={A recursive approach to low complexity codes},
  year={1981},
  volume={27},
  number={5},
  pages={533-547},
  doi={10.1109/TIT.1981.1056404}}
@article{HAEMERS1995593,
title = {Interlacing eigenvalues and graphs},
journal = {Linear Algebra and its Applications},
volume = {226-228},
pages = {593-616},
year = {1995},
note = {Honoring J.J.Seidel},
issn = {0024-3795},
doi = {https://doi.org/10.1016/0024-3795(95)00199-2},
url = {https://www.sciencedirect.com/science/article/pii/0024379595001992},
author = {Willem H. Haemers},
abstract = {We give several old and some new applications of eigenvalue interlacing to matrices associated to graphs. Bounds are obtained for characteristic numbers of graphs, such as the size of a maximal (co)clique, the chromatic number, the diameter, and the bandwidth, in terms of the eigenvalues of the standard adjacency matrix or the Laplacian matrix. We also deal with inequalities and regularity results concerning the structure of graphs and block designs.}
}
@ARTICLE{ExpanderCodes,
  author={Sipser, M. and Spielman, D.A.},
  journal={IEEE Transactions on Information Theory},
  title={Expander codes},
  year={1996},
  volume={42},
  number={6},
  pages={1710-1722},
  doi={10.1109/18.556667}}
@misc{leverrier2022quantum,
      title={Quantum Tanner codes}, 
      author={Anthony Leverrier and Gilles Zémor},
      year={2022},
      eprint={2202.13641},
      archivePrefix={arXiv},
      primaryClass={quant-ph}
}
@misc{Dinur,
  doi = {10.48550/ARXIV.2207.11929},

  url = {https://arxiv.org/abs/2207.11929},

  author = {Dinur, Irit and Evra, Shai and Livne, Ron and Lubotzky, Alexander and Mozes, Shahar},

  keywords = {Information Theory (cs.IT), Combinatorics (math.CO), Group Theory (math.GR), FOS: Computer and information sciences, FOS: Computer and information sciences, FOS: Mathematics, FOS: Mathematics},

  title = {Good Locally Testable Codes},

  publisher = {arXiv},

  year = {2022},

  copyright = {Creative Commons Attribution 4.0 International}
}
@misc{Pavel,
  doi = {10.48550/ARXIV.2111.03654},
  
  url = {https://arxiv.org/abs/2111.03654},
  
  author = {Panteleev, Pavel and Kalachev, Gleb},
  
  keywords = {Information Theory (cs.IT), Quantum Physics (quant-ph), FOS: Computer and information sciences, FOS: Computer and information sciences, FOS: Physical sciences, FOS: Physical sciences},
  
  title = {Asymptotically Good Quantum and Locally Testable Classical LDPC Codes},
  
  publisher = {arXiv},
  
  year = {2021},
  
  copyright = {Creative Commons Attribution 4.0 International}
}
@ARTICLE{Singleton,
  author={Singleton, R.},
  journal={IEEE Transactions on Information Theory}, 
  title={Maximum distanceq-nary codes}, 
  year={1964},
  volume={10},
  number={2},
  pages={116-118},
  abstract={Aq-nary error-correcting code withN = q^{k}code words of lengthn = k + rcan have no greater minimum distancedthanr+1. The class of codes for whichd = r+1is studied first in general, then with the restriction that the codes be linear. Examples and construction methods are given to show that these codes exist for a number of values ofq, k, andr.},
  keywords={},
  doi={10.1109/TIT.1964.1053661},
  ISSN={1557-9654},
  month={April},}

  @inbook{MultiParty,
author = {Ben-Or, Michael and Goldwasser, Shafi and Wigderson, Avi},
title = {Completeness Theorems for Non-Cryptographic Fault-Tolerant Distributed Computation},
year = {2019},
isbn = {9781450372664},
publisher = {Association for Computing Machinery},
address = {New York, NY, USA},
url = {https://doi.org/10.1145/3335741.3335756},
booktitle = {Providing Sound Foundations for Cryptography: On the Work of Shafi Goldwasser and Silvio Micali},
pages = {351–371},
numpages = {21}
}
@ARTICLE{Hamming,
  author={Hamming, R. W.},
  journal={The Bell System Technical Journal},
  title={Error detecting and error correcting codes},
  year={1950},
  volume={29},
  number={2},
  pages={147-160},
  doi={10.1002/j.1538-7305.1950.tb00463.x}}
